% This file was created with JabRef 2.10b2.
% Encoding: UTF-8


@Misc{nctuurl,
  Title                    = {國立交通大學},

  Author                   = {NCTU},

  Owner                    = {borting},
  Timestamp                = {2017.02.06},
  Url                      = {http://www.nctu.edu.tw}
}

@Book{Yang_2017,
  Title                    = {{The History of Free Planets}},
  Author                   = {Wen-Li Yang and Bamboo Fox},
  Editor                   = {Yoshiki Tanaka},
  Publisher                = {Heinessen Publisher},
  Year                     = {2018},

  Owner                    = {borting},
  Pages                    = {22--66},
  Timestamp                = {2017.01.23}
}

@Article{Yang_2016,
  Title                    = {{Carry the Free Planets Star Fleet in Three Ways}},
  Author                   = {Wen-Li Yang and Bamboo Fox},
  Journal                  = {Journal of Galaxy},
  Year                     = {2016},
  Number                   = {1},
  Pages                    = {22--66},
  Volume                   = {9527}
}

@string{aaai = {AAAI Conf. on Artificial Intelligence}}

@string{ac = {{IEEE} Trans. on Automatic Control}}

@string{accv = {Asian Conf. on Computer Vision (ACCV)}}

@string{ar = {Autonomous Robots}}

@string{bmvc = {British Machine Vision Conf. (BMVC)}}

@string{brm = {Behavior Research Methods, Instruments, \& Computers}}

@string{cbdar = {Proc. of Camera-based Document Analysis and Recognition (CBDAR)}}

@string{cviu = {Computer Vision and Image Understanding}}

@string{cvpr = {Proc. {IEEE} Int. Conf. Computer Vision and Pattern Recognition (CVPR)}}

@string{drr = {Proc. of SPIE Document Recognition and Retrieval}}

@string{eccv = {Eur. Conf. on Computer Vision (ECCV)}}

@string{emav = {European Micro Aerial Vehicle Conference}}

@string{fsr = {Field and Service Robotics}}

@string{fusion = {Intl. Conf. on Information Fusion (FUSION)}}

@string{icar = {IEEE Intl. Conf. on Advanced Robotics (ICAR)}}

@string{iccv = {Intl. Conf. on Computer Vision (ICCV)}}

@string{icdar = {Proc. of the Intl. Conf. on Document Analysis and Recognition (ICDAR)}}

@string{icpr = {Intl. Conf. on Pattern Recognition (ICPR)}}

@string{icra = {IEEE Intl. Conf. on Robotics and Automation (ICRA)}}

@string{ieee = {Proc. of the IEEE}}

@string{ijcai = {Intl. Joint Conf. on Artificial Intelligence}}

@string{ijcv = {International Journal of Computer Vision}}

@string{ijrr = {Intl. J. of Robotics Research}}

@string{iros = {IEEE/RSJ Intl. Conf. on Intelligent Robots and Systems (IROS)}}

@string{iser = {Intl. Sym. on Experimental Robotics (ISER)}}

@string{ismar = {IEEE and ACM Intl. Sym. on Mixed and Augmented Reality (ISMAR)}}

@string{isrr = {Proc. of the Intl. Symp. of Robotics Research (ISRR)}}

@string{jbe = {{ASME} Journal of Basic Engineering}}

@string{jfr = {J. of Field Robotics}}

@string{joe = {Journal of Oceanic Engineering}}

@string{mit = {The MIT Press, Cambridge, MA}}

@string{mtsj = {Marine Technology Society Journal}}

@string{oceans = {Proceedings of the IEEE/MTS OCEANS Conference and Exhibition}}

@string{pami = {{IEEE} Trans. Pattern Anal. Machine Intell.}}

@string{ram = {{IEEE} Robotics Automation Magazine}}

@string{ras = {Journal of Robotics and Autonomous Systems}}

@string{rss = {Robotics: Science and Systems (RSS)}}

@string{siggraph = {SIGGRAPH}}

@string{tac = {{IEEE} Trans. on Automatic Control}}

@string{tra = {{IEEE} Trans. Robotics and Automation}}

@string{tro = {{IEEE} Trans. Robotics}}

@string{uust = {Proc. Int. Symp. on Unmanned Untethered Submersible Technology}}


@ONLINE{who2014,
    Title = {World {H}ealth {O}rganization},
    Url = {http://www.who.int/mediacentre/factsheets/fs282/en/},
    Urldate = {2014-8-1},
}

@ONLINE{blindTW,
    Title = {Blind people in Taiwan},
    Url = {http://www.blindness.org.tw/about.php},
    Urldate = {2014-8-1},
}

@ONLINE{IGDF,
    Title = {IGDF},
    Url = {http://www.igdf.org.uk/},
    Urldate = {2014-8-1},
}

@article{giusti2016machine,
  title={A machine learning approach to visual perception of forest trails for mobile robots},
  author={Giusti, Alessandro and Guzzi, J{\'e}r{\^o}me and Cire{\c{s}}an, Dan C and He, Fang-Lin and Rodr{\'\i}guez, Juan P and Fontana, Flavio and Faessler, Matthias and Forster, Christian and Schmidhuber, J{\"u}rgen and Di Caro, Gianni and others},
  journal={IEEE Robotics and Automation Letters},
  volume={1},
  number={2},
  pages={661--667},
  year={2016},
  publisher={IEEE}
}

@article{huang1979fast,
  title={A fast two-dimensional median filtering algorithm},
  author={Huang, T and Yang, GJTGY and Tang, G},
  journal={IEEE Transactions on Acoustics, Speech, and Signal Processing},
  volume={27},
  number={1},
  pages={13--18},
  year={1979},
  publisher={IEEE}
}

@article{sobel2014history,
  title={History and definition of the sobel operator},
  author={Sobel, Irwin},
  journal={Retrieved from the World Wide Web},
  year={2014}
}

@inproceedings{Harris1988combined,
  Author = {Harris, Chris and Stephens, Mike},
  Booktitle = {Alvey vision conference},
  Organization = {Manchester, UK},
  Pages = {50},
  Title = {A combined corner and edge detector.},
  Volume = {15},
  Year = {1988}}

@article{lecun2015deep,
  title={Deep learning},
  author={LeCun, Yann and Bengio, Yoshua and Hinton, Geoffrey},
  journal={Nature},
  volume={521},
  number={7553},
  pages={436--444},
  year={2015},
  publisher={Nature Publishing Group}
}

@article{lecun1998mnist,
  title={The MNIST database of handwritten digits},
  author={LeCun, Yann},
  journal={http://yann. lecun. com/exdb/mnist/},
  year={1998}
}


@article{lecun1998gradient,
  title={Gradient-based learning applied to document recognition},
  author={LeCun, Yann and Bottou, L{\'e}on and Bengio, Yoshua and Haffner, Patrick},
  journal={Proceedings of the IEEE},
  volume={86},
  number={11},
  pages={2278--2324},
  year={1998},
  publisher={IEEE}
}

@InProceedings{Jaderberg14c,
  author       = "Jaderberg, M. and Simonyan, K. and Vedaldi, A. and Zisserman, A.",
  title        = "Synthetic Data and Artificial Neural Networks for Natural Scene Text Recognition",
  booktitle    = "Workshop on Deep Learning, NIPS",
  year         = "2014",
}

@inproceedings{szegedy2015going,
  title={Going deeper with convolutions},
  author={Szegedy, Christian and Liu, Wei and Jia, Yangqing and Sermanet, Pierre and Reed, Scott and Anguelov, Dragomir and Erhan, Dumitru and Vanhoucke, Vincent and Rabinovich, Andrew},
  booktitle={Proceedings of the IEEE conference on computer vision and pattern recognition},
  pages={1--9},
  year={2015}
}

@inproceedings{he2016deep,
  title={Deep residual learning for image recognition},
  author={He, Kaiming and Zhang, Xiangyu and Ren, Shaoqing and Sun, Jian},
  booktitle={Proceedings of the IEEE conference on computer vision and pattern recognition},
  pages={770--778},
  year={2016}
}

@inproceedings{chen2015deepdriving,
  title={Deepdriving: Learning affordance for direct perception in autonomous driving},
  author={Chen, Chenyi and Seff, Ari and Kornhauser, Alain and Xiao, Jianxiong},
  booktitle={Proceedings of the IEEE International Conference on Computer Vision},
  pages={2722--2730},
  year={2015}
}

@inproceedings{rasmussen2014trail,
  title={A trail-following robot which uses appearance and structural cues},
  author={Rasmussen, Christopher and Lu, Yan and Kocamaz, Mehmet},
  booktitle={Field and Service Robotics},
  pages={265--279},
  year={2014},
  organization={Springer}
}

@inproceedings{rasmussen2009appearance,
  title={Appearance contrast for fast, robust trail-following},
  author={Rasmussen, Christopher and Lu, Yan and Kocamaz, Mehmet},
  booktitle={Intelligent Robots and Systems, 2009. IROS 2009. IEEE/RSJ International Conference on},
  pages={3505--3512},
  year={2009},
  organization={IEEE}
}

@inproceedings{siagian2013mobile,
  title={Mobile robot navigation system in outdoor pedestrian environment using vision-based road recognition},
  author={Siagian, Christian and Chang, Chin-Kai and Itti, Laurent},
  booktitle={Robotics and Automation (ICRA), 2013 IEEE International Conference on},
  pages={564--571},
  year={2013},
  organization={IEEE}
}

@article{giusti2016machine,
  title={A machine learning approach to visual perception of forest trails for mobile robots},
  author={Giusti, Alessandro and Guzzi, J{\'e}r{\^o}me and Cire{\c{s}}an, Dan C and He, Fang-Lin and Rodr{\'\i}guez, Juan P and Fontana, Flavio and Faessler, Matthias and Forster, Christian and Schmidhuber, J{\"u}rgen and Di Caro, Gianni and others},
  journal={IEEE Robotics and Automation Letters},
  volume={1},
  number={2},
  pages={661--667},
  year={2016},
  publisher={IEEE}
}
@ONLINE{duckietown_mit,
    Title = {Duckietown {MIT}},
    Url = {http://duckietown.mit.edu/},
    Urldate = {2016-8-1},
}

@ONLINE{duckietown_nctu,
    Title = {Duckietown {NCTU}},
    Url = {http://duckietown.nctu.edu.tw/},
    Urldate = {2016-8-1},
}

@ONLINE{BVLC_caffe,
    Title = {BVLC Caffe },
    Url = {https://github.com/BVLC/caffe},
    Urldate = {2016-8-1},
}

@inproceedings{duckietown-icra,
  title={Duckietown: an {O}pen, {I}nexpensive and {F}lexible {P}latform for {A}utonomy {E}ducation and {R}esearch},
  author={Liam Paull and Jacopo Tani and Heejin Ahn and Javier Alonso-Mora and Luca Carlone and Michal Cap and Yu Fan Chen and
      Changhyun Choi and Jeff Dusek and Yajun Fang and Daniel Hoehener and Shih-Yuan Liu and Michael Novitzky and Igor Franzoni Okuyama and Jason Pazis and
      Guy Rosman and Valerio Varricchio and Hsueh-Cheng Wang and Dmitry Yershov and Hang Zhao and Michael Benjamin and Christopher Carr and Maria Zuber and
      Sertac Karaman and Emilio Frazzoli and Domitilla Del Vecchio and Daniela Rus and Jonathan How and John Leonard and Andrea Censi},
  booktitle={Robotics and Automation (ICRA), 2017 IEEE International Conference on},
  year={2017},
  organization={IEEE}
}

@article{dakopoulos2010wearable,
  title={Wearable obstacle avoidance electronic travel aids for blind: a survey},
  author={Dakopoulos, Dimitrios and Bourbakis, Nikolaos G},
  journal={IEEE Transactions on Systems, Man, and Cybernetics, Part C (Applications and Reviews)},
  volume={40},
  number={1},
  pages={25--35},
  year={2010},
  publisher={IEEE}
}

@article{kulyukin2006robot,
  title={Robot-assisted wayfinding for the visually impaired in structured indoor environments},
  author={Kulyukin, Vladimir and Gharpure, Chaitanya and Nicholson, John and Osborne, Grayson},
  journal={Autonomous Robots},
  volume={21},
  number={1},
  pages={29--41},
  year={2006},
  publisher={Springer}
}

@article{gharpure2008robot,
  title={Robot-assisted shopping for the blind: issues in spatial cognition and product selection},
  author={Gharpure, Chaitanya P and Kulyukin, Vladimir A},
  journal={Intelligent Service Robotics},
  volume={1},
  number={3},
  pages={237--251},
  year={2008},
  publisher={Springer}
}

@inproceedings{borenstein1997guidecane,
  title={The guidecane-a computerized travel aid for the active guidance of blind pedestrians},
  author={Borenstein, Johann and Ulrich, Iwan},
  booktitle={Robotics and Automation, 1997. Proceedings., 1997 IEEE International Conference on},
  volume={2},
  pages={1283--1288},
  year={1997},
  organization={IEEE}
}

@inproceedings{ribeiro2012auditory,
  title={Auditory augmented reality: Object sonification for the visually impaired},
  author={Ribeiro, Flavio and Florencio, Dinei and Chou, Philip A and Zhang, Zhengyou},
  booktitle={Multimedia Signal Processing (MMSP), 2012 IEEE 14th International Workshop on},
  pages={319--324},
  year={2012},
  organization={IEEE}
}

@inproceedings{wang2017enabling,
  title={Enabling independent navigation for visually impaired people through a wearable vision-based feedback system},
  author={Wang, Hsueh-Cheng and Katzschmann, Robert K and Teng, Santani and Araki, Brandon and Giarr{\'e}, Laura and Rus, Daniela},
  booktitle={Robotics and Automation (ICRA), 2017 IEEE International Conference on},
  pages={6533--6540},
  year={2017},
  organization={IEEE}
}

@ONLINE{insight,
    Title = {In {S}ight},
    Url = {http://in.sight.srl/},
    Urldate = {2018-02-01},
}

@article{dakopoulos2010wearable,
  title={Wearable obstacle avoidance electronic travel aids for blind: a survey},
  author={Dakopoulos, Dimitrios and Bourbakis, Nikolaos G},
  journal={IEEE Transactions on Systems, Man, and Cybernetics, Part C (Applications and Reviews)},
  volume={40},
  number={1},
  pages={25--35},
  year={2010},
  publisher={IEEE}
}

%%%%%%%%%%%%%%%%%%%%%%%%%%%%%%%%%%%%%%%%%%%%%%%%%%%%%%%%


@inproceedings{zeng2016multi,
    title={Multi-view Self-supervised Deep Learning for 6D Pose Estimation in the Amazon Picking Challenge},
    author={Zeng, Andy and Yu, Kuan-Ting and Song, Shuran and Suo, Daniel and Walker Jr, Ed and Rodriguez,
            Alberto and Xiao, Jianxiong},
    booktitle={ICRA},
    year={2017}
}

@article{zeng2018robotic,
	title={Robotic Pick-and-Place of Novel Objects in Clutter with Multi-Affordance Grasping and Cross-Domain Image Matching},
	author={Zeng, Andy and Song, Shuran and Yu, Kuan-Ting and Donlon, Elliott and Hogan, Francois Robert and Bauza, Maria and Ma, Daolin and Taylor, Orion and Liu, Melody and Romo, Eudald and Fazeli, Nima and Alet, Ferran and Dafle, Nikhil Chavan and Holladay, Rachel and Morona, Isabella and Nair, Prem Qu and Green, Druck and Taylor, Ian and Liu, Weber and Funkhouser, Thomas and Rodriguez, Alberto},
	booktitle={Proceedings of the IEEE International Conference on Robotics and Automation},
	year={2018}
}


@article{jaderberg2016reading,
  title={Reading text in the wild with convolutional neural networks},
  author={Jaderberg, Max and Simonyan, Karen and Vedaldi, Andrea and Zisserman, Andrew},
  journal={International Journal of Computer Vision},
  volume={116},
  number={1},
  pages={1--20},
  year={2016},
  publisher={Springer}
}

@inproceedings{long2015fully,
  title={Fully convolutional networks for semantic segmentation},
  author={Long, Jonathan and Shelhamer, Evan and Darrell, Trevor},
  booktitle={Proceedings of the IEEE conference on computer vision and pattern recognition},
  pages={3431--3440},
  year={2015}
}

@inproceedings{quigley2009ros,
  title={ROS: an open-source Robot Operating System},
  author={Quigley, Morgan and Faust, Josh and Foote, Tully and Leibs, Jeremy}
}

@article{pan2010survey,
  title={A survey on transfer learning},
  author={Pan, Sinno Jialin and Yang, Qiang and others}
}

@inproceedings{jia2014caffe,
  title={Caffe: Convolutional architecture for fast feature embedding},
  author={Jia, Yangqing and Shelhamer, Evan and Donahue, Jeff and Karayev, Sergey and Long, Jonathan and Girshick, Ross and Guadarrama, Sergio and Darrell, Trevor},
  booktitle={Proceedings of the 22nd ACM international conference on Multimedia},
  pages={675--678},
  year={2014},
  organization={ACM}
}

@inproceedings{tomasi1998bilateral,
  title={Bilateral filtering for gray and color images},
  author={Tomasi, Carlo and Manduchi, Roberto},
  booktitle={Computer Vision, 1998. Sixth International Conference on},
  pages={839--846},
  year={1998},
  organization={IEEE}
}

@inproceedings{chen2011robust,
  title={Robust text detection in natural images with edge-enhanced maximally stable extremal regions},
  author={Chen, Huizhong and Tsai, Sam S and Schroth, Georg and Chen, David M and Grzeszczuk, Radek and Girod, Bernd},
  booktitle={Image Processing (ICIP), 2011 18th IEEE International Conference on},
  pages={2609--2612},
  year={2011},
  organization={IEEE}
}

@inproceedings{epshtein2010detecting,
  title={Detecting text in natural scenes with stroke width transform},
  author={Epshtein, Boris and Ofek, Eyal and Wexler, Yonatan},
  booktitle={Computer Vision and Pattern Recognition (CVPR), 2010 IEEE Conference on},
  pages={2963--2970},
  year={2010},
  organization={IEEE}
}

@article{jung2009stroke,
  title={A stroke filter and its application to text localization},
  author={Jung, Cheolkon and Liu, Qifeng and Kim, Joongkyu},
  journal={Pattern Recognition Letters},
  volume={30},
  number={2},
  pages={114--122},
  year={2009},
  publisher={Elsevier}
}

@article{matas2004robust,
  title={Robust wide-baseline stereo from maximally stable extremal regions},
  author={Matas, Jiri and Chum, Ondrej and Urban, Martin and Pajdla, Tom{\'a}s},
  journal={Image and vision computing},
  volume={22},
  number={10},
  pages={761--767},
  year={2004},
  publisher={Elsevier}
}

@article{bay2008speeded,
  title={Speeded-up robust features (SURF)},
  author={Bay, Herbert and Ess, Andreas and Tuytelaars, Tinne and Van Gool, Luc},
  journal={Computer vision and image understanding},
  volume={110},
  number={3},
  pages={346--359},
  year={2008},
  publisher={Elsevier}
}

@article{zhao2011text,
  title={Text from corners: a novel approach to detect text and caption in videos},
  author={Zhao, Xu and Lin, Kai-Hsiang and Fu, Yun and Hu, Yuxiao and Liu, Yuncai and Huang, Thomas S},
  journal={IEEE Transactions on Image Processing},
  volume={20},
  number={3},
  pages={790--799},
  year={2011},
  publisher={IEEE}
}

@inproceedings{harris1988combined,
  title={A combined corner and edge detector.},
  author={Harris, Chris and Stephens, Mike},
  year={1988},
  organization={Citeseer}
}

@article{derpanis2004harris,
  title={The harris corner detector},
  author={Derpanis, Konstantinos G},
  journal={York University},
  year={2004},
  publisher={Citeseer}
}

@inproceedings{rosten2006machine,
  title={Machine learning for high-speed corner detection},
  author={Rosten, Edward and Drummond, Tom},
  booktitle={European conference on computer vision},
  pages={430--443},
  year={2006},
  organization={Springer}
}

@article{sobel2014history,
  title={History and definition of the sobel operator},
  author={Sobel, Irwin},
  journal={Retrieved from the World Wide Web},
  year={2014}
}

@article{canny1986computational,
  title={A computational approach to edge detection},
  author={Canny, John},
  journal={IEEE Transactions on pattern analysis and machine intelligence},
  number={6},
  pages={679--698},
  year={1986},
  publisher={Ieee}
}

@article{lecun2015deep,
  title={Deep learning},
  author={LeCun, Yann and Bengio, Yoshua and Hinton, Geoffrey},
  journal={nature},
  volume={521},
  number={7553},
  pages={436},
  year={2015},
  publisher={Nature Publishing Group}
}

@inproceedings{krizhevsky2012imagenet,
  title={Imagenet classification with deep convolutional neural networks},
  author={Krizhevsky, Alex and Sutskever, Ilya and Hinton, Geoffrey E},
  booktitle={Advances in neural information processing systems},
  pages={1097--1105},
  year={2012}
}

@article{simonyan2014very,
  title={Very deep convolutional networks for large-scale image recognition},
  author={Simonyan, Karen and Zisserman, Andrew},
  journal={arXiv preprint arXiv:1409.1556},
  year={2014}
}

@inproceedings{szegedy2015going,
  title={Going deeper with convolutions},
  author={Szegedy, Christian and Liu, Wei and Jia, Yangqing and Sermanet, Pierre and Reed, Scott and Anguelov, Dragomir and Erhan, Dumitru and Vanhoucke, Vincent and Rabinovich, Andrew},
  booktitle={Proceedings of the IEEE conference on computer vision and pattern recognition},
  pages={1--9},
  year={2015}
}

@inproceedings{he2016deep,
  title={Deep residual learning for image recognition},
  author={He, Kaiming and Zhang, Xiangyu and Ren, Shaoqing and Sun, Jian},
  booktitle={Proceedings of the IEEE conference on computer vision and pattern recognition},
  pages={770--778},
  year={2016}
}

@article{zhong2016deeptext,
  title={Deeptext: A unified framework for text proposal generation and text detection in natural images},
  author={Zhong, Zhuoyao and Jin, Lianwen and Zhang, Shuye and Feng, Ziyong},
  journal={arXiv preprint arXiv:1605.07314},
  year={2016}
}

@inproceedings{ren2015faster,
  title={Faster r-cnn: Towards real-time object detection with region proposal networks},
  author={Ren, Shaoqing and He, Kaiming and Girshick, Ross and Sun, Jian},
  booktitle={Advances in neural information processing systems},
  pages={91--99},
  year={2015}
}

@article{jaderberg2016reading,
  title={Reading text in the wild with convolutional neural networks},
  author={Jaderberg, Max and Simonyan, Karen and Vedaldi, Andrea and Zisserman, Andrew},
  journal={International Journal of Computer Vision},
  volume={116},
  number={1},
  pages={1--20},
  year={2016},
  publisher={Springer}
}

@inproceedings{ren2015faster,
  title={Faster r-cnn: Towards real-time object detection with region proposal networks},
  author={Ren, Shaoqing and He, Kaiming and Girshick, Ross and Sun, Jian},
  booktitle={Advances in neural information processing systems},
  pages={91--99},
  year={2015}
}

@article{ma2018arbitrary,
  title={Arbitrary-oriented scene text detection via rotation proposals},
  author={Ma, Jianqi and Shao, Weiyuan and Ye, Hao and Wang, Li and Wang, Hong and Zheng, Yingbin and Xue, Xiangyang},
  journal={IEEE Transactions on Multimedia},
  year={2018},
  publisher={IEEE}
}

@inproceedings{netzer2011reading,
  title={Reading digits in natural images with unsupervised feature learning},
  author={Netzer, Yuval and Wang, Tao and Coates, Adam and Bissacco, Alessandro and Wu, Bo and Ng, Andrew Y},
  booktitle={NIPS workshop on deep learning and unsupervised feature learning},
  volume={2011},
  number={2},
  pages={5},
  year={2011}
}

@inproceedings{wang2012end,
  title={End-to-end text recognition with convolutional neural networks},
  author={Wang, Tao and Wu, David J and Coates, Adam and Ng, Andrew Y},
  booktitle={Pattern Recognition (ICPR), 2012 21st International Conference on},
  pages={3304--3308},
  year={2012},
  organization={IEEE}
}

@article{jaderberg2014synthetic,
  title={Synthetic data and artificial neural networks for natural scene text recognition},
  author={Jaderberg, Max and Simonyan, Karen and Vedaldi, Andrea and Zisserman, Andrew},
  journal={arXiv preprint arXiv:1406.2227},
  year={2014}
}

@inproceedings{ronneberger2015u,
  title={U-net: Convolutional networks for biomedical image segmentation},
  author={Ronneberger, Olaf and Fischer, Philipp and Brox, Thomas},
  booktitle={International Conference on Medical image computing and computer-assisted intervention},
  pages={234--241},
  year={2015},
  organization={Springer}
}

@inproceedings{besl1992method,
  title={Method for registration of 3-D shapes},
  author={Besl, Paul J and McKay, Neil D},
  booktitle={Sensor Fusion IV: Control Paradigms and Data Structures},
  volume={1611},
  pages={586--607},
  year={1992},
  organization={International Society for Optics and Photonics}
}

@article{dias2015sift,
  title={Sift-based homographies for efficient multiview distributed visual sensing},
  author={Dias, Andr{\'e} Seixas and Brites, Catarina and Ascenso, Jo{\~a}o and Pereira, Fernando},
  journal={IEEE Sensors Journal},
  volume={15},
  number={5},
  pages={2643--2656},
  year={2015},
  publisher={IEEE}
}

@inproceedings{liu2016ssd,
  title={Ssd: Single shot multibox detector},
  author={Liu, Wei and Anguelov, Dragomir and Erhan, Dumitru and Szegedy, Christian and Reed, Scott and Fu, Cheng-Yang and Berg, Alexander C},
  booktitle={European conference on computer vision},
  pages={21--37},
  year={2016},
  organization={Springer}
}

@inproceedings{redmon2016you,
  title={You only look once: Unified, real-time object detection},
  author={Redmon, Joseph and Divvala, Santosh and Girshick, Ross and Farhadi, Ali},
  booktitle={Proceedings of the IEEE conference on computer vision and pattern recognition},
  pages={779--788},
  year={2016}
}

@inproceedings{zeng20173dmatch,
  title={3dmatch: Learning local geometric descriptors from rgb-d reconstructions},
  author={Zeng, Andy and Song, Shuran and Nie{\ss}ner, Matthias and Fisher, Matthew and Xiao, Jianxiong and Funkhouser, Thomas},
  booktitle={Computer Vision and Pattern Recognition (CVPR), 2017 IEEE Conference on},
  pages={199--208},
  year={2017},
  organization={IEEE}
}

@inproceedings{quigley2009ros,
  title={ROS: an open-source Robot Operating System},
  author={Quigley, Morgan and Conley, Ken and Gerkey, Brian and Faust, Josh and Foote, Tully and Leibs, Jeremy and Wheeler, Rob and Ng, Andrew Y},
  booktitle={ICRA workshop on open source software},
  volume={3},
  number={3.2},
  pages={5},
  year={2009},
  organization={Kobe, Japan}
}
@article{ros_control,
  author = {Chitta, Sachin and Marder-Eppstein, Eitan and Meeussen, Wim and Pradeep, Vijay and Rodr{\'i}guez Tsouroukdissian, Adolfo  and Bohren, Jonathan and Coleman, David and Magyar, Bence and Raiola, Gennaro and L{\"u}dtke, Mathias and Fern{\'a}ndez Perdomo, Enrique},
  title = {ros\_control: A generic and simple control framework for ROS},
  journal = {The Journal of Open Source Software},
  year = {2017},
  doi = {10.21105/joss.00456},
  URL = {http://www.theoj.org/joss-papers/joss.00456/10.21105.joss.00456.pdf}
}
@techreport{andersen2015optimizing,
  title = {Optimizing the Universal Robots ROS driver.},
  institution = {Technical University of Denmark, Department of Electrical Engineering},
  author = {Andersen, Thomas Timm},
  year = {2015}, url = {http://orbit.dtu.dk/en/publications/optimizing-the-universal-robots-ros-driver(20dde139-7e87-4552-8658-dbf2cdaab24b).html}
}
@article{chitta2012moveit,
  title={Moveit![ROS topics]},
  author={Chitta, Sachin and Sucan, Ioan and Cousins, Steve},
  journal={IEEE Robotics \& Automation Magazine},
  volume={19},
  number={1},
  pages={18--19},
  year={2012},
  publisher={IEEE}
}
@misc{chuang2018deepfarm,
 Title = {Deep Farm: Autonomous Deep Learning Text Training Data Harvest for Mobile Robot Navigation},
 year = {2018},
 note={\url{http://etd.lib.nctu.edu.tw/cgi-bin/gs32/tugsweb.cgi?o=dnctucdr&s=id=%22GT070360041%22.&searchmode=basic}}
}

@article{li2017learning,
  title={Learning without forgetting},
  author={Li, Zhizhong and Hoiem, Derek},
  journal={IEEE Transactions on Pattern Analysis and Machine Intelligence},
  year={2017},
  publisher={IEEE}
}

@mastersthesis{peterthesis,
  author       = {Huang, Hong-Ming},
  title        = {Object Pose Estimation Based On Text Recognition For Automated Pick-And-Place Of Cashierless Stores},
  school       = {National Chiao Tung University},
  year         = 2018,
  month        = 11,
}

%3D builder
@online{3DBuilder,
 publisher = {Microsoft Corporation},
 title = {3D Builder},
 year = 2013,
 url = {https://www.microsoft.com/zh-tw/p/3d-builder/9wzdncrfj3t6?activetab=pivot:overviewtab},
 urldate = {2013-11-15}
}
%3D builder
@online{textpnp,
 publisher = {ARG NCTU},
 title = {NCTU Mobile Manipulation 2019},
 year = 2019,
 url = {https://text-pick-n-place.github.io/TextPNP/},
 urldate = {2019-02-24}
}

@article{zeng2018learning,
  title={Learning Synergies between Pushing and Grasping with Self-supervised Deep Reinforcement Learning},
  author={Zeng, Andy and Song, Shuran and Welker, Stefan and Lee, Johnny and Rodriguez, Alberto and Funkhouser, Thomas},
  journal={arXiv preprint arXiv:1803.09956},
  year={2018}
}

%% Active vision
@article{atanasov2014nonmyopic,
  title={Nonmyopic view planning for active object classification and pose estimation},
  author={Atanasov, Nikolay and Sankaran, Bharath and Le Ny, Jerome and Pappas, George J and Daniilidis, Kostas},
  journal={IEEE Transactions on Robotics},
  volume={30},
  number={5},
  pages={1078--1090},
  year={2014},
  publisher={IEEE}
}

@inproceedings{doumanoglou2016recovering,
  title={Recovering 6D object pose and predicting next-best-view in the crowd},
  author={Doumanoglou, Andreas and Kouskouridas, Rigas and Malassiotis, Sotiris and Kim, Tae-Kyun},
  booktitle={Proceedings of the IEEE Conference on Computer Vision and Pattern Recognition},
  pages={3583--3592},
  year={2016}
}

@article{malmir2017deep,
  title={Deep active object recognition by joint label and action prediction},
  author={Malmir, Mohsen and Sikka, Karan and Forster, Deborah and Fasel, Ian and Movellan, Javier R and Cottrell, Garrison W},
  journal={Computer Vision and Image Understanding},
  volume={156},
  pages={128--137},
  year={2017},
  publisher={Elsevier}
}

%Affordance prediction in clutter environment

@inproceedings{boularias2015learning,
  title={Learning to manipulate unknown objects in clutter by reinforcement},
  author={Boularias, Abdeslam and Bagnell, James Andrew and Stentz, Anthony},
  booktitle={Twenty-Ninth AAAI Conference on Artificial Intelligence},
  year={2015}
}


%Imagenet
@article{russakovsky2015imagenet,
  title={Imagenet large scale visual recognition challenge},
  author={Russakovsky, Olga and Deng, Jia and Su, Hao and Krause, Jonathan and Satheesh, Sanjeev and Ma, Sean and Huang, Zhiheng and Karpathy, Andrej and Khosla, Aditya and Bernstein, Michael and others},
  journal={International journal of computer vision},
  volume={115},
  number={3},
  pages={211--252},
  year={2015},
  publisher={Springer}
}

%GAN
@inproceedings{goodfellow2014generative,
  title={Generative adversarial nets},
  author={Goodfellow, Ian and Pouget-Abadie, Jean and Mirza, Mehdi and Xu, Bing and Warde-Farley, David and Ozair, Sherjil and Courville, Aaron and Bengio, Yoshua},
  booktitle={Advances in neural information processing systems},
  pages={2672--2680},
  year={2014}
}

@article{mahler2017dex,
  title={Dex-{N}et 2.0: Deep learning to plan robust grasps with synthetic point clouds and analytic grasp metrics},
  author={Mahler, Jeffrey and Liang, Jacky and Niyaz, Sherdil and Laskey, Michael and Doan, Richard and Liu, Xinyu and Ojea, Juan Aparicio and Goldberg, Ken},
  journal={arXiv preprint arXiv:1703.09312},
  year={2017}
}

@inproceedings{redmon2015real,
  title={Real-time grasp detection using convolutional neural networks},
  author={Redmon, Joseph and Angelova, Anelia},
  booktitle={2015 IEEE International Conference on Robotics and Automation (ICRA)},
  pages={1316--1322},
  year={2015},
  organization={IEEE}
}

@inproceedings{mahler2016dex1,
  title={Dex-net 1.0: A cloud-based network of 3d objects for robust grasp planning using a multi-armed bandit model with correlated rewards},
  author={Mahler, Jeffrey and Pokorny, Florian T and Hou, Brian and Roderick, Melrose and Laskey, Michael and Aubry, Mathieu and Kohlhoff, Kai and Kr{\"o}ger, Torsten and Kuffner, James and Goldberg, Ken},
  booktitle={2016 IEEE International Conference on Robotics and Automation (ICRA)},
  pages={1957--1964},
  year={2016},
  organization={IEEE}
}

@article{mahler2017dex3,
  title={Dex-Net 3.0: Computing Robust Robot Vacuum Suction Grasp Targets in Point Clouds using a New Analytic Model and Deep Learning},
  author={Mahler, Jeffrey and Matl, Matthew and Liu, Xinyu and Li, Albert and Gealy, David and Goldberg, Ken},
  journal={arXiv preprint arXiv:1709.06670},
  year={2017}
}

%Dual arm coordination

@article{smith2012dual,
  title={Dual arm manipulation—A survey},
  author={Smith, Christian and Karayiannidis, Yiannis and Nalpantidis, Lazaros and Gratal, Xavi and Qi, Peng and Dimarogonas, Dimos V and Kragic, Danica},
  journal={Robotics and Autonomous systems},
  volume={60},
  number={10},
  pages={1340--1353},
  year={2012},
  publisher={Elsevier}
}

@inproceedings{harada2012pick,
  title={Pick and place planning for dual-arm manipulators},
  author={Harada, Kensuke and Foissotte, Torea and Tsuji, Tokuo and Nagata, Kazuyuki and Yamanobe, Natsuki and Nakamura, Akira and Kawai, Yoshihiro},
  booktitle={2012 IEEE International Conference on Robotics and Automation},
  pages={2281--2286},
  year={2012},
  organization={IEEE}
}

@inproceedings{miyazaki2017object,
  title={Object placement estimation with occlusions and planning of robotic handling strategies},
  author={Miyazaki, Wataru and Miura, Jun},
  booktitle={2017 IEEE International Conference on Advanced Intelligent Mechatronics (AIM)},
  pages={602--607},
  year={2017},
  organization={IEEE}
}

@inproceedings{schwarz2018fast,
  title={Fast object learning and dual-arm coordination for cluttered stowing, picking, and packing},
  author={Schwarz, Max and Lenz, Christian and Garc{\'\i}a, Germ{\'a}n Mart{\'\i}n and Koo, Seongyong and Periyasamy, Arul Selvam and Schreiber, Michael and Behnke, Sven},
  booktitle={2018 IEEE International Conference on Robotics and Automation (ICRA)},
  pages={3347--3354},
  year={2018},
  organization={IEEE}
}

@inproceedings{girshick2014rich,
  title={Rich feature hierarchies for accurate object detection and semantic segmentation},
  author={Girshick, Ross and Donahue, Jeff and Darrell, Trevor and Malik, Jitendra},
  booktitle={Proceedings of the IEEE conference on computer vision and pattern recognition},
  pages={580--587},
  year={2014}
}

@article{sunderhauf2018limits,
  title={The limits and potentials of deep learning for robotics},
  author={S{\"u}nderhauf, Niko and Brock, Oliver and Scheirer, Walter and Hadsell, Raia and Fox, Dieter and Leitner, J{\"u}rgen and Upcroft, Ben and Abbeel, Pieter and Burgard, Wolfram and Milford, Michael and others},
  journal={The International Journal of Robotics Research},
  volume={37},
  number={4-5},
  pages={405--420},
  year={2018},
  publisher={SAGE Publications Sage UK: London, England}
}

%ICP
@article{pomerleau2013comparing,
  title={Comparing ICP variants on real-world data sets},
  author={Pomerleau, Fran{\c{c}}ois and Colas, Francis and Siegwart, Roland and Magnenat, St{\'e}phane},
  journal={Autonomous Robots},
  volume={34},
  number={3},
  pages={133--148},
  year={2013},
  publisher={Springer}
}
